<?xml version="1.0" encoding="UTF-8"?><collection><record><leader>05152ntm a2200577 a 4500</leader><controlfield tag="001">006822748</controlfield><controlfield tag="003">MiAaHDL</controlfield><controlfield tag="005">20190719000000.0</controlfield><controlfield tag="006">m        d        </controlfield><controlfield tag="007">cr bn ---auaua</controlfield><controlfield tag="008">090624s15uu    xx            00| ||ota d</controlfield><datafield tag="035" ind1=" " ind2=" "><subfield code="a">(MiU)006822748</subfield></datafield><datafield tag="035" ind1=" " ind2=" "><subfield code="a">sdr-miu006822748</subfield></datafield><datafield tag="040" ind1=" " ind2=" "><subfield code="a">MiU</subfield><subfield code="c">MiU</subfield><subfield code="e">amremm</subfield></datafield><datafield tag="041" ind1="0" ind2=" "><subfield code="a">ota</subfield></datafield><datafield tag="043" ind1=" " ind2=" "><subfield code="a">n-us-mi</subfield></datafield><datafield tag="100" ind1="0" ind2=" "><subfield code="6">880-01</subfield><subfield code="a">Fuzulî,</subfield><subfield code="d">1495?-1556.</subfield></datafield><datafield tag="240" ind1="1" ind2="0"><subfield code="6">880-02</subfield><subfield code="a">Leylâ ile Mecnun</subfield></datafield><datafield tag="245" ind1="1" ind2="0"><subfield code="6">880-03</subfield><subfield code="a">[Leylâ ve Mecnun,</subfield><subfield code="f">late 16th century?].</subfield></datafield><datafield tag="246" ind1="3" ind2=" "><subfield code="a">Leylâ vü Mecnûn</subfield></datafield><datafield tag="246" ind1="3" ind2=" "><subfield code="a">Leylâ ü Mecnûn</subfield></datafield><datafield tag="246" ind1="3" ind2=" "><subfield code="a">ليلى ومجنون</subfield></datafield><datafield tag="260" ind1=" " ind2=" "><subfield code="c">[15--?].</subfield></datafield><datafield tag="300" ind1=" " ind2=" "><subfield code="a">62 leaves :</subfield><subfield code="b">paper ;</subfield><subfield code="c">223 x 135 (147 x 63) mm.</subfield></datafield><datafield tag="500" ind1=" " ind2=" "><subfield code="a">Shelfmark: Ann Arbor, University of Michigan, Special Collections Library, Isl. Ms. 417</subfield></datafield><datafield tag="500" ind1=" " ind2=" "><subfield code="a">Origin: Lacks dated colophon ; paper, decoration, etc. suggest late 16th century.</subfield></datafield><datafield tag="500" ind1=" " ind2=" "><subfield code="a">Former shelfmark: "٤٨٨" inscribed in black ink on upper cover label ; "141 T. De M. [i.e. Tammaro De Marinis]" inscribed in pencil on verso of front flyleaf (p.2) ; "٤٠٩" in black on upper cover.</subfield></datafield><datafield tag="500" ind1=" " ind2=" "><subfield code="a">Binding: Pasteboards covered in dark red-brown leather ; Type II binding (once with flap, now lost) ; doublures in dark red leather ; upper and lower covers carry stamped and gold painted (with recessed onlays) mandorla (filled with vegetal composition, compare Déroche class. NSd 7) and pendants, as well as tooled border ; sewn in heavy cream thread, two stations ; overall in quite poor condition with much abrasion, staining, lifting and losses of leather, delamination of boards, loss of flap, spine lining exposed, etc.</subfield></datafield><datafield tag="500" ind1=" " ind2=" "><subfield code="a">Support: non-European laid paper with 8 laid lines per cm. (horizontal or vertical, indistinct, some curving) and no chain lines plainly visible, cloudy formation, transluscent, sturdy, beige in color, burnished ; front flyleaf and repairs in European laid paper.</subfield></datafield><datafield tag="500" ind1=" " ind2=" "><subfield code="a">Decoration: Exquisite illuminated headpiece (ʻunwān / sarlawḥ) at opening on p.4 consisting of large rectangular piece with empty gold cartouche flanked by scalloped domes (in gold and red) and surrounded by swirling floral vegetal decoration in gold, red, white, turquoise, lavender, etc. on a lapis lazuli ground and bordered in a band of heavy gold interlace, surmounted by rectangular piece evoking a row of scalloped domes in gold and lapis lazuli filled with swirling floral vegetal decoration in gold, turquoise, lavender, white, red, etc., entire piece surmounted by vertical stalks (tīgh) in blue and vegetal decoration in gold ; four half-page miniatures (wider than the written area), including miniature depicting Laylá and Qays (Majnūn) at school on p.27, miniature depicting Majnūn in the wilderness on p.60, miniature depicting Majnūn's family visiting him in the wilderness on p.81, and miniature depicting Laylá visiting Majnūn in the wilderness on p.111 ; written area surrounded by a gold frame defined by black fillets with outermost blue rule, divisions within defined by narrow gold bands outlined in black fillets ; keywords and section headings chrysographed.</subfield></datafield><datafield tag="500" ind1=" " ind2=" "><subfield code="a">Script: Nastaʻlīq (talik) ; exquisite hand ; serifless, with effect of words descending to baseline, closed counters, and elongated horizontal strokes.</subfield></datafield><datafield tag="500" ind1=" " ind2=" "><subfield code="a">Layout: Written in 14 lines per page, mainly divided to two columns ; frame-ruled.</subfield></datafield><datafield tag="500" ind1=" " ind2=" "><subfield code="a">Collation: i, I (2), 3 IV(26), III+1 (33), IV-1 (40), 2 IV(56), III (62) ; chiefly quaternions and ternions ; final leaves lacking ; catchwords present ; pagination in pencil, Western numerals, supplied during digitization (includes flyleaves and skips two pages between pp.119-120).</subfield></datafield><datafield tag="500" ind1=" " ind2=" "><subfield code="a">Incipit: "اى نشاء حسنى عشقه تاثير قلن عشق ايله نباى دهرى تعمير قلن ..."</subfield></datafield><datafield tag="500" ind1=" " ind2=" "><subfield code="a">Title supplied by cataloguer.</subfield></datafield><datafield tag="500" ind1=" " ind2=" "><subfield code="a">Ms. codex.</subfield></datafield><datafield tag="510" ind1="4" ind2=" "><subfield code="a">Cat. Turk. MSS. Brit. Mus.,</subfield><subfield code="c">p.206 f.</subfield></datafield><datafield tag="520" ind1="8" ind2=" "><subfield code="a">Elegant (though incomplete, with end lacking) copy of Fuzulî's renowned Turkish rendering of the romance of Laylá and Majnūn. Illustrated with four miniatures (see p.27, p.60, p.80 and p.111).</subfield></datafield><datafield tag="538" ind1=" " ind2=" "><subfield code="a">Mode of access: Internet.</subfield></datafield><datafield tag="541" ind1=" " ind2=" "><subfield code="c">Purchase ;</subfield><subfield code="a">Acquired by purchase (funds donated by Horace Rackham).</subfield><subfield code="d">1924.</subfield></datafield><datafield tag="546" ind1=" " ind2=" "><subfield code="a">Ottoman Turkish.</subfield></datafield><datafield tag="561" ind1=" " ind2=" "><subfield code="a">Various excerpts and doodles on front flyleaf (pp.1-2) and 'title page' (p.3) ; trace of a circular seal impression in margin of p.20 ; almond-shaped seal impression on p.83.</subfield></datafield><datafield tag="650" ind1=" " ind2="0"><subfield code="a">Manuscripts, Turkish</subfield><subfield code="z">Michigan</subfield><subfield code="z">Ann Arbor.</subfield></datafield><datafield tag="650" ind1=" " ind2="0"><subfield code="a">Love poetry, Turkish</subfield><subfield code="v">Early works to 1800.</subfield></datafield><datafield tag="650" ind1=" " ind2="0"><subfield code="a">Turkish poetry</subfield><subfield code="y">16th century.</subfield></datafield><datafield tag="655" ind1=" " ind2="7"><subfield code="a">Headpiece (layout features)</subfield><subfield code="y">16th century.</subfield><subfield code="2">aat</subfield></datafield><datafield tag="700" ind1="0" ind2=" "><subfield code="a">Abdülhamid</subfield><subfield code="b">II,</subfield><subfield code="c">Sultan of the Turks,</subfield><subfield code="d">1842-1918,</subfield><subfield code="e">former owner.</subfield></datafield><datafield tag="773" ind1="0" ind2=" "><subfield code="a">Abdul Hamid Collection.</subfield></datafield><datafield tag="880" ind1="1" ind2="0"><subfield code="6">245-03/</subfield><subfield code="a">[ليلى ومجنون,</subfield><subfield code="f">اواخر القرن 16م؟].</subfield></datafield><datafield tag="880" ind1="1" ind2="0"><subfield code="6">240-02/</subfield><subfield code="a">ليلى ايله مجنون</subfield></datafield><datafield tag="880" ind1="0" ind2=" "><subfield code="6">100-01/</subfield><subfield code="a">فضولي.</subfield></datafield><datafield tag="CID" ind1=" " ind2=" "><subfield code="a">006822748</subfield></datafield><datafield tag="DAT" ind1="0" ind2=" "><subfield code="a">20190719102640.0</subfield><subfield code="b">20190719000000.0</subfield></datafield><datafield tag="DAT" ind1="1" ind2=" "><subfield code="a">20190719090653.0</subfield><subfield code="b">2019-07-19T16:12:12Z</subfield></datafield><datafield tag="DAT" ind1="2" ind2=" "><subfield code="a">2015-10-10T18:00:06Z</subfield></datafield><datafield tag="CAT" ind1=" " ind2=" "><subfield code="a">SDR-MIU</subfield><subfield code="d">EX LIBRIS - ALEPH</subfield><subfield code="l">prepare.pl-004-008</subfield></datafield><datafield tag="FMT" ind1=" " ind2=" "><subfield code="a">BK</subfield></datafield><datafield tag="HOL" ind1=" " ind2=" "><subfield code="0">sdr-miu006822748</subfield><subfield code="a">MiU</subfield><subfield code="b">SDR</subfield><subfield code="c">MIU</subfield><subfield code="p">mdp.39015079130848</subfield><subfield code="s">MIU</subfield><subfield code="1">006822748</subfield></datafield><datafield tag="974" ind1=" " ind2=" "><subfield code="b">MIU</subfield><subfield code="c">MIU</subfield><subfield code="d">20190719</subfield><subfield code="s">lit-dlps-dc</subfield><subfield code="u">mdp.39015079130848</subfield><subfield code="y">1599</subfield><subfield code="r">pd</subfield><subfield code="q">bib</subfield><subfield code="t">non-US bib date1 &lt; 1879</subfield></datafield></record></collection>